1559 2088
230 130 15 52 7

639 113 137 73 Sozal
825 113 231 70 Emblems.

278 216 86 58 FIC.
398 228 47 46 13.
515 216 344 57 Ammaestrammento
905 226 4 39 :
975 216 437 54 INSTRHCTION.

280 276 0 40 A
327 276 60 45 Man
418 279 25 40 of
471 280 0 40 a
506 276 135 44 venerable
682 276 107 43 Aspect,
817 276 12 41 in
867 280 0 39 a
905 276 53 42 long
996 276 91 43 Robe,
1118 279 54 37 with
1203 276 0 38 a
1238 276 100 38 Miroir
1373 278 12 33 in
1420 278 34 32 his

232 312 97 47 Hand,
351 312 166 47 surrounded
549 312 54 48 with
632 320 0 40 a
661 310 101 50 Scrowl
787 312 54 48 with
870 312 65 48 these
967 311 108 49 Words,
1111 309 162 52 INSPICE,
1302 310 148 51 CAUIUS

237 354 89 48 ERIS.

285 406 40 41 The
359 406 53 42 long
446 406 70 43 Robe
546 406 77 45 shews
650 406 130 46 continual
807 406 120 46 Business.
987 406 44 42 The
1067 406 71 45 Glass
1164 406 141 45 intimates
1335 406 53 45 that
1415 407 40 44 our

236 446 109 45 Actions
377 446 83 44 should
502 445 19 45 be
553 446 227 44 accommodated
819 448 16 41 to
873 444 67 45 those
979 443 22 46 of
1027 444 74 44 other
1133 446 80 42 Men,
1241 453 13 35 to
1296 442 90 46 render
1411 444 26 43 ’em

232 490 224 51 praiseworthy;
486 498 18 36 as
534 491 33 44 the
604 490 84 47 Motto
725 488 136 51 declares,
894 487 78 52 which
1008 488 103 48 advises
1137 493 11 40 to
1178 487 47 50 cast
1251 490 19 48 an
1306 488 45 50 Eye
1387 496 63 42 upon

230 536 42 45 our
297 535 49 46 own
382 535 102 46 Faults,
509 534 11 47 so
551 535 57 46 that
629 534 99 47 finding
760 533 142 49 Blemishes
930 533 10 49 in
972 532 152 50 ourselves,
1156 537 25 45 we
1213 536 53 46 may
1294 532 159 50 endeavour

235 581 12 43 to
285 581 66 43 clear
382 579 139 46 ourselves
555 580 22 45 of
609 583 59 42 ’em.

313 663 81 57 FIG.
437 671 50 49 14.
553 668 97 50 Amor
678 663 23 56 di
728 663 74 56 Virtu
845 678 0 35 :
911 663 469 57 LOVEOFVIRTHE.

278 725 0 38 A
320 725 81 40 naked
443 725 106 41 Youth,
582 725 111 43 wing’d,
729 725 51 44 with
819 725 55 41 four
901 725 135 42 Garlands
1075 725 21 38 of
1132 725 117 42 Laurel;
1286 728 42 39 one
1361 728 21 38 on
1424 725 33 41 his

231 762 92 47 Head,
352 766 39 43 and
421 765 69 44 three
516 763 88 46 others
633 764 14 44 in
679 763 30 45 his
738 762 121 46 Hands;
885 760 108 48 because
1026 762 56 46 that
1105 760 22 48 of
1157 763 88 44 Virtue
1278 761 124 46 surpasses
1428 761 30 46 all

230 810 77 41 other
332 814 100 36 Loves.

285 856 42 39 The
355 856 253 39 Laurel-Garlands
639 856 115 38 signifies
777 856 37 38 the
850 856 102 38 Honour
983 856 44 38 due
1066 860 13 34 to
1121 860 109 34 Virtue,
1256 860 39 33 and
1335 856 54 37 that
1415 856 37 37 the

232 897 64 50 Love
328 901 21 45 of
374 896 11 47 it
416 908 11 38 is
455 896 195 52 incorruptible,
686 899 42 43 and
767 908 75 36 never
874 896 106 51 fading.

261 984 88 51 FIC.
387 996 50 38 15.
505 982 111 51 Amore
658 982 68 50 verso
768 982 118 55 Iddio:
951 982 286 56 SERAPHIC
1287 982 145 53 LOVE.

278 1042 0 40 A
322 1042 56 40 Man
407 1042 12 40 in
451 1047 0 35 a
481 1047 123 36 reverend
642 1042 124 41 Posture,
798 1044 39 39 and
875 1042 62 41 plain
969 1042 88 41 Dress,
1084 1042 56 41 with
1175 1042 32 42 his
1240 1042 52 42 Face
1328 1042 65 42 lifted
1428 1046 20 38 up

228 1084 14 41 to
278 1081 126 50 Heaven,
433 1079 79 50 which
556 1082 21 46 he
613 1082 90 45 points
740 1089 18 37 at
790 1080 54 46 with
884 1081 32 45 his
945 1081 40 46 left
1017 1081 94 47 Hand,
1143 1081 40 48 and
1226 1082 54 48 with
1323 1082 33 49 his
1388 1081 65 51 right

230 1127 80 43 shews
343 1126 32 44 his
407 1125 84 46 Breast
517 1129 80 43 open.

275 1173 43 44 His
349 1173 62 45 plain
448 1173 73 40 Dress
555 1173 77 40 shews
672 1173 52 40 that
764 1173 19 40 he
829 1173 9 40 is
869 1176 0 37 a
909 1173 98 41 mortal
1047 1173 98 41 Enemy
1188 1177 13 37 to
1253 1173 98 41 Luxury
1382 1175 0 39 ;
1422 1173 34 41 his

229 1213 105 53 looking
379 1219 41 44 up,
450 1212 56 46 that
540 1212 34 46 his
615 1213 255 51 Contemplations
903 1223 34 35 are
978 1214 105 50 divine;
1117 1213 30 46 his
1184 1214 86 45 Breast
1300 1215 64 52 open,
1402 1213 52 53 that

230 1259 21 49 he
290 1258 92 52 speaks
414 1258 67 50 what
513 1259 21 45 he
573 1257 107 51 thinks.

326 1349 87 45 FIC.
453 1349 51 45 16.
570 1347 94 47 Amor
707 1347 164 46 domato:
938 1344 140 49 LOVE
1139 1344 227 48 TAMED,

276 1404 0 39 A
323 1404 71 39 Cupid
435 1404 104 39 sitting,
569 1404 33 39 his
643 1404 137 39 Flambeau
818 1404 72 40 being
922 1404 80 40 burnt
1037 1405 61 39 out,
1133 1404 22 40 he
1196 1404 129 40 tramples
1358 1406 21 38 on
1418 1404 33 40 his

229 1445 46 43 Bow
317 1446 40 42 and
396 1447 118 42 Arrows,
547 1449 16 40 an
609 1441 173 48 Hour-Glass
815 1442 10 47 in
868 1443 29 47 his
927 1443 68 47 right
1031 1445 95 45 Hand,
1156 1443 39 47 and
1244 1448 13 43 in
1300 1443 33 48 his
1369 1443 39 48 left
1447 1452 0 39 a

233 1489 140 48 Didapper
400 1487 96 45 almost
523 1487 62 46 pin’d
619 1496 17 38 to
667 1485 102 49 Death.

286 1537 45 39 The
355 1537 45 40 two
430 1537 42 41 last
496 1537 87 42 things
607 1537 99 44 declare
733 1537 54 43 that
817 1537 58 41 Time
899 1538 39 37 and
974 1538 102 39 Poverty
1097 1538 33 41 are
1157 1538 33 40 the
1217 1538 63 43 most
1298 1538 105 43 capable
1430 1538 12 43 to

231 1574 153 52 extinguish
430 1574 80 50 Love;
541 1574 35 47 for
604 1574 48 50 this
677 1574 48 44 Bird
760 1574 10 44 is
802 1574 41 44 said
878 1579 14 39 to
927 1575 21 43 be
979 1575 11 43 so
1028 1582 52 43 very
1108 1575 90 51 weak,
1226 1575 56 49 that
1313 1574 31 50 she
1376 1582 10 44 is
1410 1582 42 44 not

232 1618 54 99 able
306 1626 20 90 to
353 1618 67 98 build
453 1618 94 61 hersclf
573 1624 7 42 a
607 1618 73 58 Nest,
714 1618 40 73 but
780 1617 107 68 harches
914 1618 13 72 in
954 1618 67 63 somc
1054 1617 61 61 Nest
1141 1617 27 55 of
1195 1617 67 70 other
1288 1617 87 72 Birds.
