1559 2088
626 103 133 66 O9orat
813 102 228 67 Emblenis.

223 203 78 53 FIC.
349 219 43 37 17.
463 204 102 53 Anima
597 201 220 58 ragionevole,
864 208 0 42 e
900 201 110 56 beata:
1077 213 0 39 A
1148 200 283 56 RATIONAL

755 252 164 55 SOuL.

264 313 0 42 A
319 313 82 46 lovely
444 313 130 47 Damsel,
614 313 39 42 her
692 313 53 46 Face
787 313 101 40 cover’d
934 313 56 42 with
1032 317 0 38 a
1072 313 173 44 transparent
1291 313 72 43 Veil,
1405 313 40 43 her

214 361 135 41 Garment
378 365 12 36 is
421 357 88 44 bright
534 360 41 41 and
613 357 138 43 dazling;
792 354 88 46 Wings
911 363 22 36 on
971 355 40 44 her
1046 354 166 45 Shoulders,
1240 353 41 45 and
1316 357 62 41 over
1407 353 37 44 her

215 401 72 49 Head
325 410 0 35 a
356 405 69 45 Star.

263 448 96 42 Lovely
391 448 32 43 she
452 449 10 37 is
494 448 105 44 because
631 448 87 40 form’d
750 448 26 42 by
814 448 35 36 the
888 448 128 44 Creator,
1048 450 128 40 Fountain
1215 448 22 39 of
1269 448 32 38 all
1333 448 119 42 Beauty,

215 489 139 47 according
392 498 13 37 to
440 488 34 49 his
504 492 41 43 omn
583 487 102 48 Image.
739 487 52 44 Her
832 486 57 45 Veil
917 486 116 49 denotes
1067 486 41 42 her
1138 484 116 45 invisible
1288 491 14 38 to
1346 484 96 46 human

217 536 76 45 Eyes.
344 533 40 46 She
431 532 7 50 is
478 532 36 49 the
553 530 163 51 substantial
752 530 54 45 Form
860 530 22 47 of
915 530 36 45 the
983 529 90 48 Body,
1113 529 58 51 only
1211 527 166 50 discernable
1420 529 26 48 by

211 576 130 43 exteriour
375 577 112 43 Actions.
549 575 51 46 Her
637 575 150 47 Garment,
825 575 41 43 her
907 575 85 46 Purity
1019 574 41 46 and
1108 574 170 47 Perfection;
1309 574 34 46 the
1384 575 68 46 Star,

214 619 35 48 the
288 618 166 49 Immortality
483 618 21 49 of
529 618 35 49 the
596 618 74 49 Soul.
727 619 49 48 Her
808 620 89 47 Wings
929 618 95 49 denote
1063 619 35 48 her
1134 617 110 50 Celerity
1275 617 15 50 in
1325 617 124 50 spiritual

216 664 162 49 Functions.

216 743 84 52 FIG.
342 740 49 54 18.
456 746 95 48 Amor
578 740 72 52 della
692 740 88 52 Patria
821 752 0 40 :
890 740 84 52 LOVE
1027 740 30 50 Of
1115 740 68 52 OuR
1244 740 209 52 COUNTRI.

260 801 0 38 A
313 801 129 44 vigorous
486 804 81 40 young
611 801 154 43 W’arriour,
802 801 123 41 standing
969 805 125 39 upright,
1132 801 97 42 amidst
1270 805 81 34 Flame
1395 805 38 32 and

213 840 117 41 Smoak,
360 850 20 31 on
412 840 80 41 which
527 841 21 39 he
580 840 73 40 looks
683 840 53 40 with
768 843 0 37 a
797 839 109 41 resolute
935 841 229 39 Countenance;
1194 839 94 40 carries
1311 845 0 34 a
1341 838 96 41 Crown

215 893 10 39 in
255 885 55 42 cach
341 887 91 46 Hand,
463 886 41 45 and
534 887 69 44 being
640 883 41 46 just
708 891 65 40 upon
807 883 34 44 the
871 882 68 43 brink
980 882 24 43 of
1031 884 0 41 a
1069 881 153 50 Precipice,
1256 889 34 39 yet
1324 881 119 46 marches

212 929 198 43 courageously
442 937 60 36 over
527 930 107 45 Spears,
665 929 41 39 and
744 930 125 43 tramples
898 933 66 41 upon
998 930 82 42 naked
1118 928 126 42 Swords.

257 974 31 39 He
317 980 10 33 is
361 974 146 39 vouthful,
538 974 107 39 because
673 974 32 38 his
733 974 115 38 Strength
879 974 128 38 increases
1033 974 55 38 with
1116 974 31 38 his
1181 974 97 37 Years,
1306 974 136 37 (whereas

214 1016 53 41 with
309 1017 31 40 all
363 1017 75 40 other
469 1017 81 40 Loves
581 1016 9 40 it
618 1016 8 40 is
654 1024 67 32 quite
758 1014 154 42 contrary.)
979 1014 39 42 The
1052 1014 95 42 Crown
1178 1014 20 41 of
1228 1015 76 40 Grass
1329 1019 112 36 denotes

217 1060 119 48 Honour,
370 1061 31 42 for
431 1060 14 44 it
479 1068 48 39 was
558 1068 71 40 given
663 1068 14 32 to
718 1060 65 40 some
817 1059 34 41 for
885 1060 136 45 delivering
1059 1057 64 49 their
1158 1057 122 49 Country,
1318 1057 41 46 and
1406 1058 35 48 the

211 1102 94 51 Oaken
347 1113 42 40 one
430 1102 35 50 for
500 1102 80 50 saving
625 1113 0 34 a
670 1102 73 51 Life:
795 1102 42 44 The
882 1102 150 51 Precipice,
1070 1103 52 46 that
1160 1113 0 35 a
1195 1102 240 50 publick-spirited

214 1149 56 47 Man
308 1148 174 51 apprehends
517 1157 17 36 no
572 1153 98 45 Danger
701 1148 31 42 for
764 1148 34 42 the
830 1148 66 48 Love
930 1146 21 46 of
983 1146 31 49 his
1042 1150 122 44 Country.

268 1238 84 47 FIG.
394 1244 48 45 19.
508 1238 261 49 Apprehensiva:
849 1238 547 49 APPREHENSION.

257 1294 0 37 A
307 1299 82 38 young
433 1294 67 43 Lady
539 1299 23 37 of
591 1299 0 36 a
630 1294 100 40 middle
765 1294 123 40 Stature,
923 1294 33 36 all
982 1294 12 36 in
1035 1294 97 41 white,
1164 1294 62 37 brisk
1264 1300 38 32 and
1343 1294 103 40 active,

213 1332 109 43 dispos’d
360 1336 13 40 to
415 1332 67 44 listen
517 1343 13 33 to
568 1333 109 44 another
709 1332 151 45 speaking;
905 1343 0 34 a
940 1332 141 46 Camelion
1116 1343 10 35 in
1161 1342 42 36 one
1235 1333 96 46 Hand,
1357 1336 41 43 and
1437 1338 0 41 a

213 1376 98 48 Miroir
348 1376 10 45 in
398 1377 37 47 the
472 1377 91 48 other.

264 1425 93 42 Youtli
384 1430 114 39 denotes
531 1425 39 42 her
609 1425 99 44 Aptness
741 1427 15 36 to
795 1425 154 43 apprehend
994 1425 39 40 and
1075 1431 84 37 learn,
1189 1425 99 38 middle
1324 1425 120 40 Stature,

211 1465 114 41 denotes
349 1466 33 40 the
410 1465 93 42 same;
527 1465 33 42 for
584 1466 36 41 the
647 1473 81 34 upper
758 1467 100 41 Rooms
882 1473 33 35 are
942 1466 99 42 always
1068 1465 75 43 worst
1167 1465 145 44 furnish’d,
1339 1465 96 44 spoken

212 1508 20 43 of
258 1514 0 38 a
294 1517 52 39 very
389 1508 49 48 Tall
461 1508 121 47 person:
621 1508 101 46 White,
752 1508 108 46 because
892 1512 13 41 it
932 1508 13 45 is
971 1509 33 44 the
1033 1509 92 43 Ground
1157 1509 23 43 of
1206 1510 30 41 all
1259 1512 127 39 Colour;
1409 1516 23 34 on

208 1552 101 43 tiptoe,
340 1553 79 43 shews
447 1555 38 41 the
526 1552 129 44 Readiness
680 1552 31 44 she
749 1561 13 35 is
796 1552 13 44 in
840 1561 16 36 to
890 1554 60 43 learn
985 1552 41 45 and
1070 1552 191 46 understand;
1296 1553 34 45 the
1368 1552 69 46 Glass

210 1597 105 46 because
347 1597 32 46 she
405 1597 115 45 imprints
546 1602 22 40 on
600 1596 109 46 herself,
741 1598 39 44 and
815 1596 90 45 makes
927 1596 32 45 all
978 1596 33 45 she
1043 1596 64 45 hears
1126 1596 38 45 and
1200 1596 38 45 sees
1264 1598 41 42 her
1328 1605 73 35 own.

218 1709 89 57 FIC.
345 1717 50 46 20.

466 1688 135 50 SAnimo
642 1686 180 53 piacevole,
859 1685 172 52 trattabile,
1068 1691 0 46 &
1125 1686 209 51 amorevole:

463 1749 27 37 'A
552 1736 259 49 GENTLE
883 1734 427 50 DISPOSITION

259 1795 0 43 A
292 1795 71 43 Child
400 1797 123 41 mounted
557 1801 21 37 on
609 1800 0 38 a
640 1795 114 43 Dolphin
785 1801 9 37 is
818 1801 0 37 a
849 1800 49 38 true
926 1795 105 43 Emblem
1074 1795 21 43 of
1120 1797 21 41 an
1169 1795 92 43 affable
1289 1800 148 38 courteous

213 1836 194 46 Disposition;
442 1836 107 45 because
586 1837 35 43 the
659 1835 116 45 Dolphin
816 1835 69 44 loves
913 1839 38 40 and
991 1833 107 45 caresses
1127 1841 0 37 a
1167 1836 54 41 Man
1258 1844 41 33 out
1328 1836 21 41 of
1378 1844 56 32 meer

216 1880 117 53 Instinct,
364 1879 87 62 rather
477 1879 52 56 than
560 1878 108 51 Interest
690 1887 22 51 or
738 1878 100 60 sinister
864 1879 117 63 Design;
1007 1886 18 56 as
1047 1880 100 62 several
1173 1881 104 55 ancient
1303 1879 135 61 Histories

212 1924 82 58 inform
337 1927 37 50 us.
