1559 2088
200 111 0 69 5

605 104 133 75 Sorat
784 104 235 74 Emblenis.

283 207 68 56 FIC
419 211 48 53 21.
535 205 209 56 Architectura
780 204 128 57 militare
944 218 0 33 :
1012 204 60 50 MI
1113 204 220 54 LITARY

545 251 541 64 ARCHITECTHRE.

245 317 0 40 A
283 317 109 43 Woman
431 317 22 45 of
482 317 45 46 ripe
566 317 92 46 Years,
694 324 13 39 in
742 324 0 39 a
787 317 73 46 noble
892 317 135 42 Garment
1062 323 23 33 ot
1114 317 89 37 divers
1229 317 147 38 Colours;
1418 317 0 39 a

202 358 49 50 gold
283 358 81 50 Chain
393 358 84 51 about
506 358 39 49 her
569 357 92 51 Neck,
690 356 56 46 with
775 356 0 46 a
806 356 163 46 Diamond;
1001 364 11 38 in
1040 364 42 38 one
1118 355 70 47 Hand
1220 354 36 48 the
1284 357 134 45 Mariners

200 404 150 49 Compass,
385 404 14 41 in
444 404 35 40 the
513 404 73 40 other
621 403 35 41 the
698 402 167 50 Description
906 402 21 44 of
955 404 17 46 an
1014 401 122 47 hexagon
1167 399 223 48 Fortification;
1418 407 0 39 a

199 450 113 43 Swallow
356 453 21 40 on
414 446 38 47 her
482 445 58 49 Fist,
567 455 0 39 a
608 445 96 48 Pickax
738 447 41 42 and
816 454 0 37 a
847 443 82 49 Spade
963 453 17 36 at
1018 444 37 43 her
1089 443 68 42 Fect.

254 494 41 39 The
339 494 204 45 parti-colour'd
593 494 153 43 Vedments
787 494 94 42 denote
922 494 35 39 the
1004 494 223 39 Understanding
1277 495 22 37 of
1343 495 81 37 divers

199 536 187 44 Contrivances
429 540 14 41 in
486 535 44 46 this
580 536 53 45 Art.
696 533 41 45 The
780 533 93 47 golden
913 533 84 46 Chain
1037 531 40 46 and
1130 530 154 46 Diamond,
1324 530 97 47 denote

207 578 154 44 Durability,
395 578 38 43 and
477 577 166 44 Excellency;
690 577 32 43 fer
750 575 182 45 Fortification
970 581 9 38 is
1008 574 34 45 the
1077 575 50 43 best
1161 574 79 44 Jewel
1262 573 22 45 of
1312 575 123 43 Princes,

202 625 113 47 securing
347 625 53 46 them
443 623 46 45 from
531 621 138 49 Encmies.
733 620 39 43 The
804 621 113 48 Swallow
956 620 11 43 is
992 618 170 51 remarkable
1190 622 32 41 for
1247 618 35 46 the
1310 617 121 50 artificial

203 664 121 52 building
356 664 39 49 her
427 664 75 48 Nest.

207 755 86 54 FIG.
331 769 52 39 22.
450 754 94 47 Ardire
570 761 229 47 magnanimo,
829 754 0 51 &
877 754 176 53 generoso:
1102 754 333 51 MAGNANIMIII.

250 813 0 39 A
303 818 86 40 young
432 813 58 38 Man
533 813 21 39 of
588 815 0 38 a
628 813 126 43 healthy,
797 813 89 39 robust
923 813 120 43 Stature,
1086 813 55 39 with
1181 815 0 33 a
1221 813 61 37 lofty
1325 813 111 40 Aspect,

203 852 112 50 holding
356 851 53 43 with
450 851 32 43 his
516 851 67 50 right
621 853 73 47 Arm,
722 851 121 49 briskly,
875 851 31 42 the
948 850 104 50 Tongue
1087 852 21 43 of
1139 857 0 39 a
1174 850 80 50 Lion,
1285 850 77 48 which
1407 850 21 46 he

205 897 90 46 presscs
329 898 53 43 with
418 896 32 43 his
483 895 85 43 Knec.

248 946 14 35 It
289 944 103 38 alludes
427 953 15 29 to
486 944 32 39 the
559 944 218 41 magnanimous
818 944 88 41 Actien
953 951 24 32 of
1018 944 167 38 Lyfimachus,
1221 944 70 36 who,
1326 950 15 31 to
1385 944 41 39 free

204 983 105 46 himself
345 994 43 37 out
410 983 21 49 of
457 985 36 46 the
522 982 54 48 hard
612 986 119 43 Durance
760 984 22 42 of
803 988 0 38 a
836 981 101 50 Prison,
973 981 87 50 begg’d
1089 981 21 49 he
1139 982 83 46 might
1247 980 18 45 be
1294 981 130 50 devour’d

206 1034 22 42 by
263 1039 0 34 a
299 1031 77 47 Lion,
408 1030 80 44 which
520 1030 19 46 he
571 1030 138 46 overcame
745 1034 9 36 in
783 1029 48 43 this
863 1039 122 36 manner.

336 1118 158 52 FIG.23.
560 1114 190 55 Aristocratia
785 1128 0 38 :
851 1114 472 54 ARISTOCRACI.

257 1175 0 37 A
305 1175 66 38 Lady
407 1175 9 38 in
459 1175 39 38 her
528 1175 96 39 prime,
657 1179 9 35 in
708 1179 0 36 a
741 1175 118 40 splendid
904 1175 96 41 Habit,
1033 1179 81 38 sitting
1159 1175 175 43 majestically
1373 1175 12 38 in
1430 1177 0 39 a

209 1214 163 44 sumptuous
409 1213 95 44 Chair,
535 1223 0 34 a
574 1218 96 39 Crown
713 1213 24 44 of
765 1215 61 42 Gold
869 1222 25 34 on
930 1214 40 42 her
1004 1215 92 41 Head,
1127 1213 73 43 holds
1240 1213 10 42 in
1289 1214 37 41 her
1363 1214 68 41 right

208 1257 71 43 Hand
322 1262 0 38 a
368 1258 98 42 Bundle
506 1257 24 43 of
567 1257 68 43 Rods
675 1258 83 42 bound
801 1256 141 44 together,
975 1261 40 39 and
1061 1265 0 35 a
1101 1257 111 43 Garland
1258 1256 24 44 of
1316 1256 120 44 Laurel;

209 1301 64 46 and,
301 1310 13 37 in
350 1301 38 46 her
414 1300 54 46 left,
497 1306 0 40 a
529 1300 67 46 Head
631 1300 90 46 piece;
759 1310 23 35 on
817 1301 39 44 her
884 1299 64 46 right
974 1299 51 46 Side
1057 1299 13 45 is
1096 1305 0 39 a
1128 1299 96 45 Bason,
1256 1303 38 41 and
1330 1309 0 34 a
1358 1299 71 44 Purse

210 1345 45 43 full
279 1345 21 43 of
327 1345 64 43 Gold
427 1346 39 41 and
496 1345 123 42 precious
652 1344 106 43 Jewels,
791 1344 39 42 and
863 1348 21 38 on
920 1346 39 40 her
992 1343 40 43 left
1068 1353 18 32 an
1125 1345 48 40 Ax.

255 1392 50 45 Her
339 1392 48 44 Age
421 1392 79 44 shews
534 1392 41 41 her
610 1392 157 46 Perfection,
798 1392 38 43 and
886 1392 147 44 Judgment,
1065 1397 15 32 to
1118 1397 110 38 execute
1266 1392 169 44 whatsoever

211 1444 129 31 concerns
371 1435 35 40 the
440 1433 270 42 Commonwealth.
765 1433 49 41 Her
848 1433 133 41 Garment
1015 1432 40 42 and
1098 1432 81 42 Chair
1213 1432 20 41 of
1271 1434 86 39 State,
1394 1433 41 40 her

214 1476 109 47 Nobility
350 1477 37 47 and
428 1477 119 47 Dignity,
578 1487 14 37 in
622 1476 79 49 token
738 1475 119 50 whereof
885 1475 30 47 she
949 1485 79 37 wears
1052 1483 0 40 a
1079 1475 95 50 Crown
1208 1475 24 48 of
1253 1477 85 44 Gold.

334 1567 91 45 FIG.
468 1572 47 41 24.
584 1566 170 51 Atitmetica
801 1578 0 33 :
873 1564 444 53 ARITHMETIC.

258 1624 0 37 A
301 1624 139 37 beautiful
476 1624 86 37 Lady,
593 1624 40 37 her
664 1624 134 37 Garment
831 1629 10 32 is
872 1624 22 37 of
920 1625 127 36 different
1069 1624 137 37 Colours,
1239 1624 54 37 with
1331 1627 104 34 various

211 1662 111 43 musical
358 1665 99 40 Notes,
487 1665 38 39 and
563 1666 12 38 in
613 1663 35 41 the
684 1662 82 42 Skirts
795 1662 12 42 is
836 1661 100 42 written
974 1661 56 42 PAR
1065 1664 0 39 &
1121 1661 132 42 IMPAR,
1297 1662 62 40 Even
1394 1664 38 38 and

212 1706 65 43 Odd,
306 1708 38 41 and
386 1711 11 38 in
427 1708 38 41 her
492 1706 41 43 left
562 1706 71 43 Hand
665 1706 36 43 the
730 1706 103 43 Numer
851 1706 203 43 ation-Table.

258 1755 50 37 Her
339 1755 205 38 Handsomness
577 1755 110 38 denotes
717 1755 34 39 the
793 1755 84 39 Beauty
914 1755 22 39 of
961 1755 31 39 all
1034 1755 95 40 Things
1163 1755 90 40 results
1284 1755 47 41 from
1376 1755 65 41 Her,

211 1791 35 48 for
274 1794 50 46 God
363 1795 70 44 made
472 1791 32 45 all
547 1791 95 51 Things
670 1803 15 39 in
723 1792 121 50 Number,
876 1794 99 47 Weight
1003 1793 39 46 and
1081 1794 120 49 Measure.
1254 1793 49 44 Her
1335 1794 99 44 perfect

213 1839 64 43 Age,
309 1836 77 46 shews
418 1836 35 46 the
498 1836 138 46 Perfection
678 1837 22 45 of
735 1839 45 43 this
815 1842 52 41 Art.
928 1837 41 46 The
1004 1839 106 44 various
1139 1838 119 45 Colours
1290 1839 48 44 shew
1383 1838 54 45 that

208 1882 35 64 she
273 1882 74 64 gives
378 1883 148 63 Principles
552 1891 17 53 to
600 1882 30 61 all
657 1882 69 63 Parts
752 1882 22 60 of
805 1882 218 60 Mathematics.
