1559 2088
234 147 0 49 2

631 126 137 73 Sborat
823 126 231 66 emblents.

435 227 91 53 FIG.
565 238 24 45 5.
660 225 166 55 Affanno:
901 223 363 56 DESPAIR.

273 286 0 45 A
309 286 148 47 sorrowful
483 286 56 44 Man
578 286 10 44 in
627 286 88 45 Rags;
748 286 56 38 with
840 286 55 38 both
925 286 95 37 Hands
1049 288 20 35 he
1105 287 78 35 opens
1213 286 33 36 his
1272 286 98 36 Breast,
1403 286 39 35 and

228 328 73 49 looks
326 332 66 43 upon
419 325 32 49 his
478 325 84 48 Heart
586 329 180 42 encompass’d
805 325 52 43 with
891 324 153 48 Serpents;
1068 323 35 43 his
1127 324 132 44 Garment
1287 324 10 44 is
1322 321 132 49 blackish.

280 377 43 40 The
357 377 65 44 Rags
449 377 52 37 thew
538 377 37 41 him
615 380 12 40 to
658 377 156 43 undervalue
839 377 37 34 and
910 377 89 41 neglect
1026 380 111 38 himself.
1192 379 43 31 His
1262 379 62 35 open
1355 377 101 39 Breast,

228 415 41 48 and
303 414 38 49 the
372 414 143 48 Serpents,
542 414 96 48 denote
678 413 35 48 the
754 411 95 50 Trouble
876 412 41 48 and
965 410 119 50 Vexation
1118 410 24 49 of
1176 409 120 50 Worldly
1347 412 113 46 Things,

231 460 99 53 always
361 459 122 56 gnawing
518 459 34 47 the
583 461 96 49 Heart.

344 545 86 53 FIG.
466 549 27 50 6.
560 542 189 57 Agricoltura
785 556 0 42 :
856 542 488 52 AGRICHLTHRE.

279 604 0 40 A
317 606 109 38 Woman
461 604 53 40 with
555 607 0 37 a
587 604 106 40 homely
728 604 221 40 Country-face,
981 604 41 40 but
1052 605 99 39 comely
1184 604 278 40 notwithstanding.

230 654 13 33 in
280 654 0 34 a
314 654 70 38 green
414 646 107 42 Gown,
548 643 113 48 crown’d
698 642 53 47 with
788 648 0 37 a
828 642 111 48 Garland
982 641 23 43 of
1029 641 53 46 Ears
1112 641 20 48 of
1159 641 87 48 Corn,
1279 640 107 43 holding
1417 641 36 43 the

236 687 114 44 Zodiack
387 691 12 39 in
430 687 40 43 her
500 685 37 45 left
565 688 95 42 Hand,
691 690 36 39 and
767 694 0 35 a
801 686 80 43 Shrub
911 689 13 40 in
954 684 37 45 her
1022 684 92 44 right;
1145 692 0 36 a
1178 683 160 45 Plow-share
1369 692 18 35 at
1415 683 40 44 her

237 732 71 52 Feet.

286 777 42 41 The
357 777 112 43 verdant
495 777 68 44 Robe
591 777 116 46 signifies
736 777 80 46 Hope,
835 777 119 45 without
980 777 77 42 which
1092 781 23 39 no
1147 777 67 44 body
1240 777 83 40 would
1355 777 110 41 labour.

246 822 43 47 The
329 826 18 41 12
390 821 72 50 Signs
502 818 98 49 declare
639 819 36 48 the
708 817 130 49 different
877 816 109 51 Seasons,
1018 816 79 46 which
1141 815 36 49 the
1220 815 72 51 Tiller
1321 815 87 50 ought
1433 825 14 33 to

236 865 130 45 observe;
393 866 37 45 the
461 864 119 50 Plough,
614 864 34 44 the
676 863 64 46 most
764 863 113 49 necessary
900 863 164 48 Instrument
1088 862 13 43 in
1132 861 191 50 Agricultuie.

384 953 82 50 FIG.
508 967 22 37 7.
601 954 79 50 Ajuto
725 966 0 29 :
796 948 529 55 ASSISTANCE.

279 1012 0 38 A
323 1010 58 40 Man
411 1010 13 40 in
463 1010 101 39 White,
591 1010 41 39 and
665 1010 60 39 over
755 1012 28 36 all
810 1012 0 36 a
840 1010 88 38 purple
958 1010 128 38 Mantle;
1119 1012 0 35 a
1155 1013 46 34 Ray
1237 1010 98 37 fhining
1368 1010 79 36 round

234 1050 68 41 him,
330 1047 108 45 crown’d
476 1047 58 45 with
568 1053 0 39 a
598 1048 116 45 Garland
748 1048 24 45 of
796 1050 105 43 Olive;
928 1054 0 39 a
963 1046 81 48 Chain
1085 1047 82 47 about
1197 1047 31 47 his
1259 1046 91 49 Neck,
1381 1051 38 44 and
1453 1051 0 44 a

235 1093 97 48 Heart,
365 1092 34 49 for
429 1102 0 39 a
462 1092 147 49 Pendent;
640 1093 33 48 his
703 1094 67 47 right
800 1092 40 49 Arm
887 1092 154 49 extended,
1067 1092 41 49 and
1148 1092 33 49 his
1218 1092 70 49 Hand
1322 1100 86 41 open;
1439 1092 13 49 in

234 1137 33 42 his
297 1135 39 44 lest
363 1141 0 38 a
393 1135 72 44 Stake
501 1135 166 44 surrounded
700 1136 54 43 with
793 1140 0 39 a
826 1137 81 42 Vine,
937 1135 39 44 and
1009 1141 18 38 at
1051 1136 33 43 his
1109 1135 66 44 right
1208 1135 9 44 is
1247 1146 3 33 a
1283 1135 93 44 Stork.

281 1184 44 39 His
360 1185 47 38 Age
445 1184 136 40 intimates
616 1184 32 40 his
681 1184 161 40 Discretion;
875 1189 41 36 not
948 1184 71 41 being
1060 1184 85 41 intent
1181 1189 67 36 upon
1284 1184 126 42 Avarice,
1440 1184 11 42 in

237 1224 84 48 giving
361 1225 30 44 his
428 1224 240 49 Helping-Hand.
735 1226 40 40 The
809 1226 77 40 white
922 1224 127 48 Raiment
1080 1225 80 43 shews
1190 1224 127 49 Sincerity
1340 1224 121 48 without

236 1267 184 43 Self-Interest
496 1267 40 44 The
570 1267 116 45 splendid
720 1267 50 45 Ray
800 1270 113 43 denotes
940 1267 94 47 Divine
1064 1267 140 47 Assistance,
1230 1268 121 47 without
1371 1267 80 49 which

236 1320 19 36 as
287 1312 34 44 the
350 1311 59 45 Wife
441 1312 119 44 without
585 1312 38 44 the
648 1311 154 45 Husband,
833 1314 13 42 it
874 1311 10 45 is
921 1311 44 45 like
994 1311 37 45 the
1066 1311 59 45 Vine
1157 1310 116 46 without
1298 1311 35 45 the
1364 1310 101 46 Stake:

248 1354 41 48 The
320 1354 92 48 Stork,
442 1354 34 48 the
510 1353 120 49 Natural
660 1353 133 49 Affection
827 1357 20 45 of
878 1357 102 45 Parents
1004 1353 123 49 towards
1154 1352 68 50 their
1249 1352 136 50 Children.

467 1441 71 54 F1G
605 1440 23 55 8.
695 1440 209 57 Allegrezza:
975 1440 268 56 MIRTH.

285 1501 0 39 A
339 1501 81 40 Youth
462 1501 54 40 with
552 1501 79 41 jolly,
661 1501 84 41 plump
781 1501 126 42 Cheeks,
940 1505 0 38 a
979 1501 75 43 white
1084 1501 145 43 Raiment,
1259 1501 102 44 painted
1397 1501 54 43 with

239 1544 70 45 green
353 1542 146 47 Branches,
543 1542 113 47 Flowers
696 1544 30 45 red
773 1542 37 45 and
860 1541 113 47 yellow,
1017 1540 53 48 with
1110 1550 0 33 a
1154 1540 110 48 Garland
1307 1541 23 44 of
1361 1540 100 44 several

241 1585 141 43 Flowers;
412 1590 0 38 a
449 1584 204 44 Crystal-Glass
686 1584 45 43 full
755 1584 24 43 of
806 1584 106 43 Clarct,
954 1584 12 43 in
996 1585 42 42 onc
1074 1583 93 44 Hand,
1197 1584 39 42 and
1273 1589 12 37 in
1315 1585 33 41 the
1381 1584 75 42 other

239 1633 0 39 a
271 1630 52 45 gold
354 1630 73 48 Cup,
455 1629 41 42 and
531 1631 80 46 seems
639 1637 13 34 to
687 1628 76 45 dance
795 1628 14 45 in
843 1639 0 35 a
875 1628 107 48 flowery
1013 1627 146 49 Meadow.

286 1677 102 38 Florers
423 1677 132 38 naturally
591 1680 98 36 import
719 1683 0 33 a
758 1677 79 39 jovial
870 1677 156 39 Humour;
1056 1681 39 35 and
1144 1681 27 36 we
1207 1681 55 36 say,
1297 1677 33 40 the
1374 1677 82 40 Fields

240 1715 75 51 smile,
349 1713 67 44 when
465 1714 97 48 cover’d
603 1720 56 44 with
693 1715 131 52 Flowers.
933 1714 41 48 The
1008 1714 89 53 Glass,
1127 1718 42 47 and
1210 1715 93 53 golden
1344 1715 116 55 Goblet,

238 1761 52 62 shew
333 1760 53 61 that
416 1759 78 62 Mirth
533 1759 13 63 is
573 1760 78 63 rarely
690 1759 91 60 alone,
812 1759 43 48 but
881 1770 9 37 in
925 1765 48 50 good
1012 1758 143 61 Fellowship.
