1559 2088
669 76 130 70 Soral
846 76 230 70 Cmblems.

378 200 95 64 FIG.
514 207 27 58 9.

598 177 181 57 SAlterezza
811 189 16 37 in
870 178 118 56 persona
1024 178 59 55 nata
1115 179 106 55 povera
1253 177 110 52 civile:

601 239 28 47 lA
701 227 305 59 HAHGHTY
1066 226 256 59 BEGGAR.

301 290 0 41 A
337 290 127 45 Damsel,
491 290 90 47 blind,
611 290 57 43 with
698 292 0 42 a
725 290 60 46 losty
815 290 221 45 Countenance,
1066 293 13 39 in
1109 293 0 37 a
1139 293 137 42 pompous
1303 290 33 44 red
1370 290 100 45 Mantle

252 331 109 47 adorn’d
399 334 55 43 with
492 330 99 47 several
617 330 109 46 Jewels,
755 330 83 46 under
870 329 80 46 which
992 332 10 42 is
1031 333 0 41 a
1069 334 61 40 poor
1162 329 154 45 Petticoat;
1348 328 93 45 having
1470 336 0 36 a

258 375 113 46 Peacock
402 376 85 44 under
512 376 41 44 her
578 374 69 46 right
672 375 75 44 Arm,
769 374 107 45 holding
907 381 22 37 up
961 374 40 44 her
1023 373 57 45 lest,
1108 373 119 45 standing
1259 372 53 45 with
1343 376 41 41 one
1413 373 62 43 Foot

252 428 65 38 upon
351 427 0 40 a
382 419 85 50 Bowl,
497 423 38 41 and
569 420 54 47 with
661 419 34 46 the
725 419 75 48 other
828 418 78 48 seems
937 422 13 39 to
984 416 160 50 precipitate
1171 416 109 49 herself.

309 466 42 43 The
383 466 32 43 red
454 466 147 43 Garment,
636 466 36 43 the
713 466 64 43 Heat
813 466 22 43 of
873 466 65 43 Blood
970 469 102 40 causing
1111 466 166 43 Ambitien;
1316 469 35 34 the
1389 466 90 40 pitiful

256 511 150 45 Petticoat,
436 508 51 47 that
515 508 37 45 the
590 508 122 48 haughty
750 509 20 44 at
798 506 37 46 the
869 509 82 42 Bottom
999 506 58 42 have
1087 506 109 47 nothing
1234 505 102 48 worthy
1367 505 119 49 Elleem.

254 553 51 44 Her
331 551 106 46 Posture
472 551 77 45 shews
578 549 35 47 the
642 549 90 46 tichlish
761 548 64 47 Place
850 549 33 46 she
918 559 9 35 is
960 559 32 35 in,
1024 552 38 42 and
1101 547 45 47 like
1174 556 13 37 to
1223 546 41 47 fall
1290 546 45 47 into
1370 546 116 46 Misery.

310 640 88 52 FIG.
442 654 49 39 10.
559 638 168 58 Altimetria
771 650 0 38 :
847 635 213 58 TARING
1124 648 0 38 A
1184 635 237 56 HEIGHT

595 689 546 58 GEOMETRICALLI.

302 752 0 42 A
345 755 82 43 voung
472 749 66 51 Lady
583 749 10 45 in
633 757 0 39 a
675 757 95 42 proper
806 748 124 46 Posture,
959 748 76 40 holds
1074 748 55 46 with
1169 748 55 46 both
1267 748 39 44 her
1339 748 91 43 Hands
1473 752 0 36 a

251 793 195 51 Gcometrical
467 795 152 49 Quadran,
648 793 88 48 taking
764 793 36 48 the
835 791 103 48 Height
959 790 22 42 of
1016 797 0 35 a
1055 789 106 49 Tower.

308 844 113 44 Young,
458 839 107 48 because
606 840 141 47 Daughter
784 841 22 37 of
844 839 144 46 Geometry,
1016 839 142 44 observing
1205 839 31 41 all
1267 839 35 44 the
1339 839 138 40 Measures

250 885 99 48 taught
377 883 25 53 by
437 893 36 43 it;
519 883 28 49 all
579 882 78 49 other
685 881 227 48 Circumstances
947 885 32 41 are
1018 881 121 50 specified
1181 880 11 42 in
1231 879 152 52 Geometry
1415 889 0 42 :
1440 879 35 52 the

253 933 195 46 Instruments,
480 938 18 41 at
529 929 39 47 her
597 929 67 47 Feet,
696 938 32 38 are
760 928 46 46 us’d
848 936 11 33 in
898 924 173 50 Surveying.

398 1016 82 50 FIC.
525 1025 45 43 11.
641 1012 180 54 Ambitione
858 1028 0 33 :
929 1011 420 52 AMBITION.

301 1076 0 37 A
349 1076 88 37 Virgin
480 1076 32 37 all
539 1076 13 37 in
587 1076 93 36 green,
712 1076 54 36 with
809 1076 37 36 Ivy
886 1076 150 36 Branches,
1068 1076 110 36 looking
1218 1076 18 35 as
1274 1076 10 35 it
1319 1076 32 35 lhe
1389 1076 83 35 would

254 1119 48 44 leap
334 1121 58 41 over
424 1123 0 35 a
452 1118 96 46 craggy
580 1114 90 47 Rock,
699 1119 19 36 at
744 1116 35 39 the
821 1114 41 48 Top
898 1113 22 41 of
949 1112 80 42 which
1064 1117 35 37 are
1128 1113 119 48 Scepters
1279 1117 38 38 and
1349 1114 135 46 Crowns,

250 1163 127 47 attended
410 1164 24 45 by
457 1168 0 34 a
490 1164 57 43 Lion
587 1158 80 47 listing
704 1166 24 39 up
764 1157 37 43 his
834 1156 91 46 Head.

309 1207 40 46 The
379 1206 54 50 Ivy,
463 1206 110 39 denotes
603 1206 123 45 Ambition
756 1206 100 44 alw’ays
880 1206 127 44 climbing
1040 1206 93 45 higher
1153 1208 40 36 and
1227 1206 110 40 higher,
1364 1206 112 43 spoiling

253 1251 34 42 the
340 1250 111 47 Walls;
501 1250 33 41 the
581 1248 161 46 Ambitious
778 1248 97 48 sparing
926 1247 103 44 neither
1069 1248 147 46 Country,
1257 1244 140 48 Religion,
1440 1255 41 33 nor

255 1294 221 48 Counsellours,
513 1295 10 42 lo
563 1294 20 46 he
620 1295 53 44 may
710 1294 107 43 become
844 1296 104 42 greater
971 1289 53 43 than
1055 1290 87 42 others
1218 1289 44 43 The
1292 1288 77 44 Lion,
1406 1287 83 45 Pride.

360 1381 86 53 FIC.
491 1390 48 43 12.
607 1383 120 49 Amicita
764 1394 0 35 :
832 1378 554 52 FRIENDSHIP.

300 1441 40 37 She
381 1443 80 40 wears
496 1446 0 36 a
536 1441 63 39 plain
642 1441 75 39 white
757 1441 89 40 Robe,
875 1441 40 37 her
952 1441 40 33 left
1024 1441 138 33 Shoulder
1196 1441 12 33 is
1239 1441 104 33 nakcd,
1386 1441 54 33 with
1475 1443 0 31 a

257 1479 134 47 Garland.
444 1481 39 47 Che
516 1477 75 51 holds
621 1483 0 43 a
660 1477 82 49 Heart
768 1487 10 37 in
807 1477 40 47 her
873 1478 65 45 right
968 1475 95 46 Hand,
1092 1475 118 49 delights
1236 1480 14 42 to
1289 1481 20 43 go
1345 1474 140 50 barefoot,

254 1529 42 45 and
334 1527 87 49 grasps
453 1537 0 38 a
491 1523 115 51 wither'd
647 1523 35 44 Elm
731 1521 118 48 incircled
891 1519 52 48 with
984 1530 0 37 a
1023 1519 80 47 Vinc.

305 1572 50 42 Her
382 1571 93 47 Livery
502 1571 12 44 is
539 1571 95 44 white,
662 1569 40 43 and
739 1573 37 41 her
800 1569 133 44 Garment
960 1569 49 40 void
1043 1569 22 37 of
1092 1570 31 37 all
1145 1569 169 42 Ornament,
1345 1569 129 41 denoting

260 1618 41 41 her
337 1615 111 48 Freeness
468 1615 120 46 without
615 1612 130 49 Artifice;
775 1613 40 46 her
839 1612 53 42 bare
922 1611 67 46 Fect,
1019 1611 40 43 her
1083 1608 170 47 undergoing
1290 1606 30 48 all
1344 1605 140 47 Hardships

259 1668 16 44 to
301 1658 65 52 serve
397 1658 38 47 her
461 1657 107 52 Frined.
633 1657 42 49 The
701 1656 39 53 dry
774 1656 34 43 Elm
846 1652 153 51 embrac’d,
1029 1652 80 55 shews
1132 1651 53 55 that
1212 1650 149 56 Friendship
1395 1653 88 51 ought

261 1716 13 43 to
306 1706 96 62 appeat
428 1705 15 52 in
479 1702 146 64 Adverfity,
648 1707 18 61 as
694 1700 59 65 vell
776 1705 18 61 as
825 1699 169 59 Prosperity.
