1559 2088
601 89 138 66 Goral
784 89 235 64 Cmblems.

374 199 79 47 FIG.
496 197 47 50 15.
612 193 144 52 Armonia
796 206 0 37 :
864 192 393 50 HARMONI.

242 251 0 42 A
285 250 134 46 beautiful
442 249 93 46 Queen
572 249 53 41 with
652 253 0 38 a
682 249 94 44 Crown
802 254 24 36 on
856 249 40 39 her
919 249 90 43 Head,
1039 249 134 40 glittering
1206 249 57 38 with
1293 249 123 38 precious

195 293 112 48 Stoncs,
336 298 0 36 a
364 290 151 43 Basc-Viol
538 293 9 39 in
582 295 42 36 one
653 290 93 41 Hand,
778 289 38 42 and
852 293 0 37 a
887 286 74 44 Bow,
993 295 13 35 to
1038 285 51 45 play
1124 283 77 46 with,
1230 293 13 36 in
1275 282 35 47 the
1339 280 86 48 other.

239 343 47 40 Her
314 342 99 38 Crown
443 340 205 41 demonstrates
679 339 39 40 her
749 338 95 41 Empire
872 338 62 41 over
959 338 34 39 all
1018 338 112 39 Hearts,
1161 338 73 39 every
1264 338 40 36 onc
1340 338 70 35 being

196 380 96 49 willing
333 389 10 33 to
394 379 48 48 lend
479 381 21 40 au
541 380 41 44 Ear
616 386 13 37 to
670 377 41 43 her
745 374 157 49 Consorts;
957 373 44 48 like
1042 372 123 47 Orpheus,
1206 372 71 49 who,
1321 373 24 46 by
1390 371 30 47 his

197 423 132 51 melodiens
366 422 96 53 Tunes,
491 423 73 52 made
601 422 37 47 the
682 423 51 48 very
770 419 88 50 Rocks
895 417 103 53 sersible,
1027 426 41 44 and
1115 417 33 46 the
1189 422 51 46 very
1292 416 70 50 Trees
1402 422 15 40 to

200 469 83 42 meve.

308 514 81 49 FIG.
432 513 50 49 26.
548 511 205 51 Arroganza:
823 505 504 55 ARROGANCE.

246 567 0 40 A
280 569 68 44 Lady
378 567 102 42 clothed
514 564 55 44 with
600 565 0 44 a
630 566 71 45 green
732 564 150 46 Garment,
913 564 52 42 with
1002 564 64 41 Asses
1094 564 71 43 Ears,
1195 566 108 39 holding
1340 566 83 40 under

196 611 39 43 her
266 610 38 47 left
339 612 38 44 Arm
419 616 0 36 a
453 607 139 49 Peacock,
624 608 38 42 and
700 605 146 49 extending
884 604 35 48 the
957 604 70 49 right
1061 603 73 47 Arm,
1166 603 86 47 points
1287 602 52 47 with
1388 601 38 45 her

200 653 186 47 Forc-finger.

246 699 150 45 Arrogance
429 698 111 44 ascribes
573 700 15 36 to
627 698 66 42 itself
726 698 69 41 what
828 700 13 35 is
871 698 42 36 not
943 698 24 37 its
997 698 75 39 own,
1102 698 129 32 therefore
1270 698 12 32 it
1312 698 39 32 has
1387 698 36 32 the

201 744 56 39 Fars
296 746 22 39 ot
353 747 21 39 an
417 740 60 49 ass,
512 737 36 43 for
576 736 46 44 this
665 736 56 44 Vice
760 738 131 49 proceeds
930 734 50 43 from
1033 733 124 52 Stupidity
1196 731 39 52 and
1288 732 149 51 Ignorance.

210 785 42 44 The
284 785 114 45 Peacock
430 783 78 48 shews
540 781 95 49 valuing
671 789 57 37 ones
759 780 54 49 self,
845 778 39 49 and
919 777 114 51 despising
1064 777 107 48 others.

388 868 80 55 FIG.
513 878 48 43 27.
629 865 129 56 Artificio
802 884 0 31 :
870 864 394 57 ARTIFICE.

249 927 0 41 A
291 929 102 44 comely
429 927 78 45 Man,
553 927 81 43 whose
667 929 132 41 Garment
835 931 9 34 is
880 927 75 42 richly
1000 927 160 36 embroider
1181 931 33 32 d;
1253 931 21 32 he
1310 927 51 36 lays
1397 927 33 36 his

205 970 69 48 Hand
320 980 62 37 upon
427 979 0 38 a
466 969 69 41 Screw
584 971 21 39 of
646 967 146 51 perpetual
824 967 128 48 Motion,
994 966 38 42 and
1077 966 25 46 by
1137 966 34 42 his
1210 965 66 49 right
1314 965 80 49 shews
1429 974 0 37 a

206 1013 65 41 Hive
299 1012 23 41 of
356 1015 76 38 Bces.

244 1061 33 38 He
313 1060 9 41 is
355 1060 79 44 nobly
464 1060 126 43 clothed,
620 1060 108 42 because
761 1060 39 36 Art
833 1060 13 36 is
873 1062 60 34 noble
960 1060 24 36 of
1017 1060 12 36 it
1062 1060 63 36 selt..
1179 1060 45 36 His
1252 1060 72 36 Hand
1363 1060 63 36 upon

200 1104 35 41 the
270 1102 69 47 Screw
388 1100 76 48 shews
502 1101 52 43 that
586 1099 107 48 Engines
728 1098 59 42 have
821 1098 59 42 been
915 1098 125 47 contriv’d
1078 1096 25 49 by
1148 1096 125 48 Industry;
1314 1095 52 49 that
1404 1095 21 48 by

201 1145 86 52 them,
316 1143 148 49 incredible
504 1143 112 51 Things,
649 1143 43 41 like
721 1142 32 44 the
782 1141 145 53 perpetual
952 1141 130 48 Motion,
1118 1142 58 43 have
1201 1142 58 47 been
1295 1139 148 52 perform’d.

214 1186 43 46 The
285 1186 60 48 Hive
370 1187 120 49 declares
511 1186 36 51 the
579 1186 109 51 Industry
710 1185 21 45 of
752 1185 35 45 the
816 1187 63 43 Bees,
904 1185 99 48 which,
1017 1185 71 50 being
1120 1193 53 43 very
1201 1184 241 51 inconsiderable,

202 1238 55 46 are,
287 1233 198 47 nevertheless,
515 1236 69 45 great
614 1236 17 39 as
658 1239 14 37 to
703 1233 68 46 their
798 1230 146 49 Conduct.

532 1321 85 50 FIG.
661 1320 52 51 28.
779 1323 59 46 Arte
879 1328 0 41 :
960 1316 148 53 ART.

256 1375 23 43 An
318 1375 121 48 agreable
475 1375 127 46 Woman,
635 1375 82 44 seems
753 1381 16 33 to
805 1375 20 39 be
858 1375 131 46 ingenious
1021 1375 23 43 by
1084 1375 39 40 her
1155 1375 53 44 very
1244 1375 105 43 Looks,
1381 1375 13 41 in
1430 1380 0 35 a

209 1423 70 44 green
312 1420 114 46 Gown;
456 1419 10 44 in
503 1419 40 45 her
569 1420 67 46 right
669 1417 67 45 Hand
776 1421 0 38 a
819 1417 147 42 Hammer,
1003 1425 20 34 an
1060 1416 143 44 engraving
1250 1415 77 45 Tool,
1353 1416 40 44 and
1427 1417 0 43 a

210 1462 111 46 Pencil;
351 1463 110 47 holding
498 1470 13 39 in
545 1462 37 47 her
615 1460 40 48 left
682 1460 94 47 Hand,
806 1469 0 37 a
836 1460 74 46 Stake
943 1459 50 46 that
1020 1459 124 45 supports
1171 1466 0 36 a
1204 1459 77 43 Vine.

262 1506 41 43 The
340 1506 120 47 agreable
501 1508 200 44 Countenance
733 1506 119 44 declares
884 1506 34 43 the
953 1506 103 43 Charms
1088 1506 22 42 of
1141 1508 57 39 Art,
1229 1506 144 41 attracting
1408 1506 31 39 all

215 1554 63 46 Eyes
302 1556 66 44 upon
399 1558 25 42 it,
455 1552 38 39 and
528 1550 101 47 causing
660 1550 38 47 the
730 1549 104 41 Author
855 1557 14 33 to
900 1548 21 46 be
949 1548 111 49 approv’d
1088 1549 42 47 and
1161 1547 167 47 commended.
1390 1546 42 43 The

214 1596 65 44 three
314 1595 174 51 snstruments
514 1601 35 47 are
583 1593 35 42 for
644 1593 156 55 intimating
835 1592 117 62 Nature:
992 1593 34 49 the
1061 1592 74 60 Stake
1170 1592 113 63 supplies
1322 1591 113 64 Nature's

215 1637 122 75 Defects,
368 1636 10 67 in
408 1636 102 69 holding
541 1647 15 50 up
586 1636 36 73 the
647 1634 92 73 tender
764 1634 87 53 Plant.
